[1]B. Braem, C. Blondia, C. Barz, H. Rogge, F. Freitag,
L. Navarro, J. Bonicioli, S. Papathanasiou, P. Escrich,
R Baig Vinas, A. L. Kaplan, A. Neumann, I. V. Balaguer, B. Tatum, M. Matson "A Case for Research with
and on Community Networks"